@book{Nunez2006Electric,
	title = "Electric Fields of the Brain: The Neurophysics of {EEG}",
	author = "Nunez, P.L. and Srinivasan, R.",
	isbn = "9780195050387",
	lccn = "2005040874",
	year = "2006",
	publisher = "Oxford University Press"
}

@article{Grover2016AnInformation,
	title = "An Information-theoretic View of {EEG} Sensing",
	author = "Pulkit Grover and Praveen Venkatesh",
	year = "2017 \textit{(to appear)}",
	journal = "Proceedings of the IEEE",
	publisher = "IEEE"
}

@book{Duchi2015Information,
	title = "Information Theory and Statistics",
	author = "John C. Duchi",
	year = "2015",
	publisher = "Stanford University",
	note = "Lecture Notes for Statistics 311/Electrical Engineering 377"
}

@book{Tsybakov2009Introduction,
	title = "Introduction to Nonparametric Estimation",
	author = "Alexandre B. Tsybakov",
	year = "2009",
	isbn = "978-0-387-79051-0",
	publisher = "Springer New York",
}

@article{Baillet2001Electromagnetic,
	title = "Electromagnetic brain mapping",
	author = "Baillet, Sylvain and Mosher, John C. and Leahy, Richard M.",
	journal = "{IEEE} Signal processing magazine",
	volume = "18",
	number = "6",
	pages = "14--30",
	year = "2001",
	publisher = "IEEE"
}

@inproceedings{Grover2016Fundamental,
	author = "Pulkit Grover",
	booktitle = "2016 {IEEE} International Symposium on Information Theory ({ISIT})",
	title = "Fundamental limits on source-localization accuracy of {EEG}-based neural sensing",
	year = "2016",
	pages = "1794-1798",
	doi = "10.1109/ISIT.2016.7541608",
	month = "July"
}

@article{Mosher1993Error,
	author = "John C. Mosher and Michael E. Spencer and Richard M. Leahy and Paul S. Lewis",
	title = "Error bounds for {EEG} and {MEG} dipole source localization",
	journal = "Electroencephalography and Clinical Neurophysiology",
	volume = "86",
	number = "5",
	pages = "303 - 321",
	year = "1993",
	doi = "http://dx.doi.org/10.1016/0013-4694(93)90043-U",
}

@article{Buzsaki2012Origin,
	title = "The origin of extracellular fields and currents -- {EEG}, {ECoG}, {LFP} and spikes",
	author = "Buzs{\'a}ki, Gy{\"o}rgy and Anastassiou, Costas A. and Koch, Christof",
	journal = "Nature reviews neuroscience",
	volume = "13",
	number = "6",
	pages = "407--420",
	year = "2012",
	publisher = "Nature Publishing Group"
}

@article{Hamalainen1994Interpreting,
	title = "Interpreting magnetic fields of the brain: minimum norm estimates",
	author = "H{\"a}m{\"a}l{\"a}inen, Matti S and Ilmoniemi, Risto J",
	journal = "Medical \& biological engineering \& computing",
	volume = "32",
	number = "1",
	pages = "35--42",
	year = "1994",
	publisher = "Springer"
}

@article{Lin2006Assessing,
	author = "Fa-Hsuan Lin and Thomas Witzel and Seppo P. Ahlfors and Steven M. Stufflebeam and John W. Belliveau and Matti S. Hämäläinen",
	title = "Assessing and improving the spatial accuracy in {MEG} source localization by depth-weighted minimum-norm estimates",
	journal = "NeuroImage",
	volume = "31",
	number = "1",
	pages = "160 - 171",
	year = "2006",
	doi = "http://dx.doi.org/10.1016/j.neuroimage.2005.11.054",
}

@article{Khalid2014Optimal,
	title = "An optimal-dimensionality sampling scheme on the sphere with fast spherical harmonic transforms",
	author = "Khalid, Zubair and Kennedy, Rodney A and McEwen, Jason D",
	journal = "{IEEE} Transactions on Signal Processing",
	volume = "62",
	number = "17",
	pages = "4597--4610",
	year = "2014",
	publisher = "IEEE"
}
